<record><leader>00000cas a22000007a 4500</leader><controlfield tag="001">20815429</controlfield><controlfield tag="008">891222d18521854nyudn ne      0    0eng d</controlfield><datafield ind1=" " ind2=" " tag="010"><subfield code="a">sn 90066121 </subfield></datafield><datafield ind1=" " ind2=" " tag="040"><subfield code="a">NYG</subfield><subfield code="b">eng</subfield><subfield code="c">NYG</subfield><subfield code="d">NYS</subfield><subfield code="d">OCL</subfield><subfield code="d">OCLCQ</subfield><subfield code="d">OCLCF</subfield><subfield code="d">OCLCO</subfield></datafield><datafield ind1=" " ind2=" " tag="042"><subfield code="a">msc</subfield></datafield><datafield ind1=" " ind2=" " tag="043"><subfield code="a">n-us-ny</subfield></datafield><datafield ind1="0" ind2=" " tag="130"><subfield code="a">Rome daily sentinel (Rome, N.Y. : 1852)</subfield></datafield><datafield ind1="1" ind2="0" tag="245"><subfield code="a">Rome daily sentinel.</subfield></datafield><datafield ind1="1" ind2="7" tag="246"><subfield code="a">Daily sentinel</subfield></datafield><datafield ind1=" " ind2=" " tag="260"><subfield code="a">Rome, N.Y. :</subfield><subfield code="b">C. &amp; E. Comstock,</subfield><subfield code="c">1852-1854.</subfield></datafield><datafield ind1=" " ind2=" " tag="300"><subfield code="a">2 v. ;</subfield><subfield code="c">56 cm.</subfield></datafield><datafield ind1=" " ind2=" " tag="310"><subfield code="a">Daily (except Sunday)</subfield></datafield><datafield ind1="0" ind2=" " tag="362"><subfield code="a">Vol. 1, no. 1 (July 15, 1852)-v. 2, no. 155 (Jan. 14, 1854).</subfield></datafield><datafield ind1=" " ind2=" " tag="580"><subfield code="a">Weekly ed.: Rome sentinel (Rome, N.Y. : 1840).</subfield></datafield><datafield ind1=" " ind2="0" tag="651"><subfield code="a">Rome (N.Y.)</subfield><subfield code="v">Newspapers.</subfield></datafield><datafield ind1=" " ind2="7" tag="655"><subfield code="a">Newspapers.</subfield><subfield code="2">fast</subfield><subfield code="0">(OCoLC)fst01423814</subfield></datafield><datafield ind1=" " ind2="7" tag="651"><subfield code="a">New York (State)</subfield><subfield code="z">Rome.</subfield><subfield code="2">fast</subfield><subfield code="0">(OCoLC)fst01213046</subfield></datafield><datafield ind1=" " ind2=" " tag="752"><subfield code="a">United States</subfield><subfield code="b">New York</subfield><subfield code="c">Oneida</subfield><subfield code="d">Rome.</subfield></datafield><datafield ind1="1" ind2=" " tag="775"><subfield code="t">Rome sentinel (Rome, N.Y. : 1840)</subfield><subfield code="w">(DLC)sn 83031885</subfield><subfield code="w">(OCoLC)10016586</subfield></datafield><datafield ind1="0" ind2="0" tag="785"><subfield code="t">Daily sentinel (Rome, N.Y. : 1854)</subfield><subfield code="w">(DLC)sn 90066122</subfield><subfield code="w">(OCoLC)20815529</subfield></datafield></record>